<?xml version="1.0" encoding="UTF-8"?>
<collection xmlns:xsi="http://www.w3.org/2001/XMLSchema-instance" xsi:schemaLocation="http://www.loc.gov/MARC21/slim http://www.loc.gov/standards/marcxml/schema/MARC21slim.xsd" xmlns="http://www.loc.gov/MARC21/slim">
<record>
  <leader>00735cam a22002171  4500</leader>
  <controlfield tag="001">3071381</controlfield>
  <controlfield tag="003">NNC</controlfield>
  <controlfield tag="005">20140523011345.0</controlfield>
  <controlfield tag="008">010821s1954    ua            000 0 ara d</controlfield>
  <datafield tag="035" ind1=" " ind2=" ">
    <subfield code="a">(OCoLC)ocm47814394</subfield>
  </datafield>
  <datafield tag="035" ind1=" " ind2=" ">
    <subfield code="9">ATP4347CU</subfield>
  </datafield>
  <datafield tag="035" ind1=" " ind2=" ">
    <subfield code="a">(NNC)3071381</subfield>
  </datafield>
  <datafield tag="040" ind1=" " ind2=" ">
    <subfield code="a">ZCU</subfield>
    <subfield code="c">ZCU</subfield>
  </datafield>
  <datafield tag="099" ind1=" " ind2=" ">
    <subfield code="a">893.79</subfield>
    <subfield code="a">M312</subfield>
  </datafield>
  <datafield tag="100" ind1="1" ind2=" ">
    <subfield code="a">Mandūr, Muḥammad,</subfield>
    <subfield code="d">1907-1965.</subfield>
  </datafield>
  <datafield tag="245" ind1="1" ind2="3">
    <subfield code="a">al-Shiʻr al-Miṣrī baʻda Shawqī.</subfield>
  </datafield>
  <datafield tag="260" ind1=" " ind2=" ">
    <subfield code="a">al-Qāhirah,</subfield>
    <subfield code="b">Maktabat Nahḍat Miṣr</subfield>
    <subfield code=" ">c 1954</subfield>
  </datafield>
  <datafield tag="300" ind1=" " ind2=" ">
    <subfield code="a">129 p.</subfield>
  </datafield>
  <datafield tag="500" ind1=" " ind2=" ">
    <subfield code="a">"Muḥāḍarāt ulqiyat sanata 1954 ʻalā ṭilbat Qism al-Dirāsāt al-Adabīyah bi-Maʻhad al-Dirāsāt al-ʻArabīyah al-ʻĀliyah."</subfield>
  </datafield>
  <datafield tag="650" ind1=" " ind2="0">
    <subfield code="a">Arabic poetry</subfield>
    <subfield code="z">Egypt</subfield>
    <subfield code="x">History and criticism.</subfield>
  </datafield>
  <datafield tag="955" ind1=" " ind2=" ">
    <subfield code="b">CU58871632</subfield>
    <subfield code="d">off,glx</subfield>
    <subfield code="e">893.79 M312</subfield>
  </datafield>
</record>
</collection>